<?xml version="1.0" encoding="UTF-8"?><collection xmlns="http://www.loc.gov/MARC21/slim"><record><leader>00677nam--2200193-i-4500</leader><controlfield tag="001">000020313</controlfield><controlfield tag="002">20161230</controlfield><controlfield tag="005">20161230201033</controlfield><controlfield tag="008">060222s1000------------r-----000-0-eng-d</controlfield><datafield ind1=" " ind2=" " tag="020"><subfield code="a">9027703663</subfield></datafield><datafield ind1=" " ind2=" " tag="040"><subfield code="a">IFIN-HH</subfield></datafield><datafield ind1=" " ind2=" " tag="080"><subfield code="a">537.533.35(061.3)</subfield></datafield><datafield ind1="1" ind2=" " tag="100"><subfield code="a">Dekeyser, W./S.A.</subfield></datafield><datafield ind1="1" ind2="0" tag="245"><subfield code="a">Electron emission spectroscopy</subfield><subfield code="b">Proceedings of the nato summer institute held at the university of gent, august 28-september 7, 1972</subfield><subfield code="c">W. dekeyser, l. fiermans, g. vanderkelen, j. vennik (eds.)</subfield></datafield><datafield ind1=" " ind2=" " tag="260"><subfield code="a">Dordrecht-holland</subfield><subfield code="b">D.Reidel Publishing Company</subfield><subfield code="c">1973</subfield></datafield><datafield ind1=" " ind2=" " tag="300"><subfield code="a">VIII + 507 P</subfield></datafield><datafield ind1="1" ind2=" " tag="700"><subfield code="a">Vennik, J</subfield><subfield code="e">Ed</subfield></datafield><datafield ind1=" " ind2=" " tag="852"><subfield code="a">73177</subfield><subfield code="c">537.533.35</subfield></datafield><datafield ind1=" " ind2=" " tag="CAT"><subfield code="a">Sys</subfield><subfield code="c">20110914</subfield><subfield code="h">164844</subfield></datafield></record></collection>